/home/cscorley/papers/papers.bib