@misc{Basili-etal:94
    , author       = {V. Basili and G. Caldiera and H.D. Rombach}
    , title        = {The Goal Question Metric Approach}
    , year         = 1994
        , url          = {ftp://ftp.cs.umd.edu/pub/sel/papers/gqm.pdf}
}

@article{Blei-etal:2003,
    Author = {D. Blei and A. Ng and M. Jordan},
    Journal = {Journal of Machine Learning Research},
    Pages = {993--1022},
    Title = {Latent {D}irichlet allocation},
    Volume = 3,
    Year = 2003,
}

@article{Porter:1980,
    Author = {Porter, Martin F.},
    Journal = {Program: electronic library and information systems},
    Number = 3,
    Pages = {130--137},
    Title = {An algorithm for suffix stripping},
    Volume = 14,
    Year = 1980,
}

@inproceedings{Hindle-etal:2009,
    Author = {Hindle, Abram and Godfrey, Michael W. and Holt, Richard C.},
    Booktitle = {Proc.\ IEEE Int'l Conf.\ on Software Maintenance},
    Pages = {339--348},
    Title = {What's hot and what's not: Windowed developer topic analysis},
    Year = 2009,
}

@inproceedings{Bassett-Kraft:2013,
    Author = {Bassett, Blake and Kraft, Nicholas A.},
    Booktitle = {Proc.\ IEEE Int'l Conf.\ on Program Comprehension},
    Pages = {133--141},
    Title = {Structural information based term weighting in text retrieval for feature location},
    Year = 2013,
}

@inproceedings{Binkley-etal:2014,
    Author = {Binkley, David and Heinz, Daniel and Lawrie, Dawn and Overfelt, Justin},
    Title = {Understanding {LDA} in Source Code Analysis},
    Booktitle = {Proc.\ IEEE Int'l Conf.\ on Program Comprehension},
    Year = 2014,
    Pages = {26--36},
}

@inproceedings{Steyvers-etal:2004,
    author = {Steyvers, Mark and Smyth, Padhraic and Rosen-Zvi, Michal and Griffiths, Thomas},
    title = {Probabilistic Author-topic Models for Information Discovery},
    booktitle = {Proc.\ {ACM SIGKDD} Int'l Conf.\ on Knowledge Discovery and Data Mining},
    year = 2004,
    pages = {306--315},
}

@inproceedings{Rao-etal:2013,
    author = {Shivani Rao and Henry Medeiros and Avinash Kak},
    title = {An incremental update framework for efficient retrieval from software libraries for bug localization},
    booktitle ={Proc.\ Working Conf.\ on Reverse Engineering},
    year = 2013,
    pages = {62--71},
}

@inproceedings{Linstead-etal:2007,
    author = {Linstead, E. and Rigor, P. and Bajracharya, S. and Lopes, C. and Baldi, P.},
    booktitle = {Proc.\ Int'l Wksp.\ on Mining Software Repositories},
    pages = 30,
    title = {Mining Eclipse Developer Contributions via Author-Topic Models},
    year = 2007,
}

@inproceedings{Corley-etal:2012,
    author = {Corley, Christopher S. and Kammer, Elizabeth A. and Kraft, Nicholas A.},
    booktitle = {Proc.\ IEEE Int'l Conf.\ on Program Comprehension},
    pages = {173--182},
    title = {Modeling the ownership of source code topics},
    year = 2012,
}

@inproceedings{Biggers-etal:2011,
    author = {Biggers, Lauren R. and Eddy, Brian P. and Kraft, Nicholas A. and Etzkorn, Letha H.},
    booktitle = {Proc.\ IEEE Int'l Conf.\ on Software Maintenance},
    pages = {492--495},
    title = {Toward a metrics suite for source code lexicons},
    year = 2011,
}

@article{Biggers_etal:2014,
    title={Configuring latent {D}irichlet allocation based feature location},
    author={Biggers, Lauren R. and Bocovich, Cecylia and Capshaw, Riley and Eddy, Brian P. and Etzkorn, Letha H. and Kraft, Nicholas A.},
    journal={Empirical Software Engineering},
    volume= 19,
    number= 3,
    pages= {465--500},
    year= 2014,
}

@inproceedings{Zhai-Boyd-Graber:2013,
    Author = {Ke Zhai and Jordan Boyd-Graber},
    Booktitle = {Proc.\ Int'l Conf.\ on Machine Learning},
    Year = 2013,
    Title = {Online Topic Models with Infinite Vocabulary},
    volume = 28,
    number = 1,
    series = {JMLR: Workshop and Conference Proceedings},
    pages = {561--569},
}

@techreport{Biggers_etal:SERG-2012-03.R1,
    author = {Lauren R. Biggers and Brian P. Eddy and Nicholas A. Kraft},
    title = {A Comparison of Stemming Algorithms for Text Retrieval Based Feature Location},
    institution = {Department of Computer Science, The University of Alabama},
    year = 2013,
    month = apr,
    url = {http://software.eng.ua.edu/reports/SERG-2012-03},
    number = {SERG-2012-03.R1}
}

@inproceedings{Lukins-etal:2008,
    author = {Lukins, Stacy K. and Kraft, Nicholas A. and Etzkorn, Letha H.},
    title = {Source Code Retrieval for Bug Localization Using Latent Dirichlet Allocation},
    booktitle = {Proc.\ 15th Working Conf.\ on Reverse Engineering},
    year = 2008,
    pages = {155--164},
    doi = {10.1109/WCRE.2008.33},
}

@inproceedings{Rajlich-Wilde:2002,
    author = {Rajlich, V\'{a}clav and Wilde, Norman},
    title = {The Role of Concepts in Program Comprehension},
    booktitle = {Proc.\ 10th Int'l Wksp.\ on Program Comprehension},
    year = 2002,
    pages = 271,
}

@inproceedings{Linstead-etal:2007b,
    author = {Linstead, Erik and Rigor, Paul and Bajracharya, Sushil and Lopes, Cristina and Baldi, Pierre},
    title = {Mining Concepts from Code with Probabilistic Topic Models},
    booktitle = {Proc.\ 22nd IEEE/ACM Int'l Conf.\ on Automated Software Engineering},
    year = 2007,
    pages = {461--464},
    doi = {10.1145/1321631.1321709},
}

@inproceedings{Rosen-Zvi-etal:2004,
    author = {Rosen-Zvi, Michal and Griffiths, Thomas and Steyvers, Mark and Smyth, Padhraic},
    title = {The Author-topic Model for Authors and Documents},
    booktitle = {Proceedings of the 20th Conference on Uncertainty in Artificial Intelligence},
    series = {UAI '04},
    year = {2004},
    isbn = {0-9749039-0-6},
    location = {Banff, Canada},
    pages = {487--494},
    numpages = {8},
    url = {http://dl.acm.org/citation.cfm?id=1036843.1036902},
    acmid = {1036902},
    publisher = {AUAI Press},
    address = {Arlington, Virginia, United States}
}

@inproceedings{Chang-etal:2009,
    title={Reading tea leaves: How humans interpret topic models},
    author={Chang, Jonathan and Gerrish, Sean and Wang, Chong and Boyd-graber, Jordan L and Blei, David M},
    booktitle={Advances in neural information processing systems},
    pages={288--296},
    year=2009,
}

% 69
@INPROCEEDINGS{Canini-etal:2009,
    author = {Kevin R. Canini and Lei Shi and Helen Wills Neuroscience and Thomas L. Griffiths},
    title = {Online inference of topics with latent Dirichlet allocation},
    booktitle = {In Proceedings of the International Conference on Artificial Intelligence and Statistics},
    year = {2009},
    url = {http://cocosci.berkeley.edu/tom/papers/topicpf.pdf}
}

% 70
@inproceedings{Hoffman-etal:2010,
    author    = {Matthew D. Hoffman and David M. Blei and Francis R. Bach},
    title     = {Online Learning for Latent {D}irichlet Allocation},
    booktitle = {Proc.\ 25th Annual Conf.\ on Neural Information Processing Systems},
    year      = 2010,
    pages     = {856--864},
}

% 71
@inproceedings{Blei-Lafferty:2006,
    author = {Blei, David M. and Lafferty, John D.},
    title = {Dynamic Topic Models},
    booktitle = {Proceedings of the 23rd International Conference on Machine Learning},
    series = {ICML '06},
    year = {2006},
    isbn = {1-59593-383-2},
    location = {Pittsburgh, Pennsylvania},
    pages = {113--120},
    numpages = {8},
    url = {http://www.cs.cmu.edu/~lafferty/pub/dtm.pdf},
    doi = {10.1145/1143844.1143859},
    acmid = {1143859},
    publisher = {ACM},
    address = {New York, NY, USA},
}

% 72
@inproceedings{AlSumait-etal:2008,
    author = {AlSumait, Loulwah and Barbar\'{a}, Daniel and Domeniconi, Carlotta},
    title = {On-line LDA: Adaptive Topic Models for Mining Text Streams with Applications to Topic Detection and Tracking},
    booktitle = {Proceedings of the 2008 Eighth IEEE International Conference on Data Mining},
    series = {ICDM '08},
    year = {2008},
    isbn = {978-0-7695-3502-9},
    pages = {3--12},
    numpages = {10},
    url = {http://cs.gmu.edu/~carlotta/publications/AlsumaitL_onlineLDA.pdf},
    doi = {10.1109/ICDM.2008.140},
    acmid = {1511296},
    publisher = {IEEE Computer Society},
    address = {Washington, DC, USA},}

    % 73
    @article{Wang-etal:2012,
        author    = {Chong Wang and
            David M. Blei and
                David Heckerman},
        title     = {Continuous Time Dynamic Topic Models},
        journal   = {CoRR},
        volume    = {abs/1206.3298},
        year      = {2012},
        url = {https://www.cs.princeton.edu/~blei/papers/WangBleiHeckerman2008.pdf},
        bibsource = {DBLP, http://dblp.uni-trier.de}
    }

% 74
@inproceedings{Wang-McCallum:2006,
    author = {Wang, Xuerui and McCallum, Andrew},
    title = {Topics over Time: A non-Markov Continuous-time Model of Topical Trends},
    booktitle = {Proceedings of the 12th ACM SIGKDD International Conference on Knowledge Discovery and Data Mining},
    series = {KDD '06},
    year = {2006},
    isbn = {1-59593-339-5},
    location = {Philadelphia, PA, USA},
    pages = {424--433},
    numpages = {10},
    url = {https://people.cs.umass.edu/~mccallum/papers/tot-kdd06.pdf},
    doi = {10.1145/1150402.1150450},
    acmid = {1150450},
    publisher = {ACM},
    address = {New York, NY, USA},
    keywords = {graphical models, temporal analysis, topic modeling},
}

% 91
@article{Linstead-etal:2008,
    author = {Erik Linstead and Cristina Lopes and Pierre Baldi},
    title = {An Application of Latent Dirichlet Allocation to Analyzing Software Evolution},
    journal ={Machine Learning and Applications, Fourth International Conference on},
    volume = {0},
    isbn = {978-0-7695-3495-4},
    year = {2008},
    pages = {813-818},
    doi = {http://doi.ieeecomputersociety.org/10.1109/ICMLA.2008.47},
    publisher = {IEEE Computer Society},
    address = {Los Alamitos, CA, USA},
}

%92
@inproceedings{Thomas-etal:2011,
    author = {Thomas, Stephen W. and Adams, Bram and Hassan, Ahmed E. and Blostein, Dorothea},
    title = {Modeling the Evolution of Topics in Source Code Histories},
    booktitle = {Proc.\ 8th Working Conf.\ on Mining Software Repositories},
    year = 2011,
    pages = {173--182},
    doi = {10.1145/1985441.1985467},
}

% 123
@inproceedings{Abebe-etal:2009,
    author = {Abebe, Surafel Lemma and Haiduc, Sonia and Marcus, Andrian and Tonella, Paolo and Antoniol, Giuliano},
    title = {Analyzing the Evolution of the Source Code Vocabulary},
    booktitle = {Proceedings of the 2009 European Conference on Software Maintenance and Reengineering},
    series = {CSMR '09},
    year = {2009},
    isbn = {978-0-7695-3589-0},
    pages = {189--198},
    numpages = {10},
    url = {http://ieeexplore.ieee.org/stamp/stamp.jsp?tp=&arnumber=4812752},
    doi = {10.1109/CSMR.2009.61},
    acmid = {1545438},
    publisher = {IEEE Computer Society},
    address = {Washington, DC, USA},
    keywords = {Lexicon evolution, Text mining, Software vocabulary},}

    % 124
    @article{Port-etal:2011,
        author = {Dan Port and Allen Nikora and Jairus Hihn and LiGuo Huang},
        title = {Experiences with text mining large collections of unstructured systems development artifacts at jpl},
        journal ={Software Engineering, International Conference on},
        volume = {},
        isbn = {978-1-4503-0445-0},
        year = {2011},
        pages = {701-710},
        doi = {http://doi.ieeecomputersociety.org/10.1145/1985793.1985891},
        url = {http://trs-new.jpl.nasa.gov/dspace/bitstream/2014/42005/1/11-0891.pdf},
        publisher = {IEEE Computer Society},
        address = {Los Alamitos, CA, USA},}



        @inproceedings{Rao-etal:2011,
            author = {Rao, Shivani and Kak, Avinash},
            title = {Retrieval from Software Libraries for Bug Localization: A Comparative Study of Generic and Composite Text Models},
            booktitle = {Proceedings of the 8th Working Conference on Mining Software Repositories},
            series = {MSR '11},
            year = {2011},
            isbn = {978-1-4503-0574-7},
            location = {Waikiki, Honolulu, HI, USA},
            pages = {43--52},
            numpages = {10},
            url = {http://doi.acm.org/10.1145/1985441.1985451},
            doi = {10.1145/1985441.1985451},
            acmid = {1985451},
            publisher = {ACM},
            address = {New York, NY, USA},
            keywords = {bug localization, information retrieval, latent dirichlet allocation, latent semantic analysis, software engineering},
        }

@INPROCEEDINGS{Zhou-etal:2012,
    author={Jian Zhou and Hongyu Zhang and Lo, D.},
    booktitle={Software Engineering (ICSE), 2012 34th International Conference on},
    title={Where should the bugs be fixed? More accurate information retrieval-based bug localization based on bug reports},
    year={2012},
    month={June},
    pages={14-24},
    keywords={information retrieval;program debugging;public domain software;software quality;BugLocator;bug reports;information retrieval based method;information retrieval-based bug localization;open source projects;rVSM;revised vector space model;software quality;software system;source code files;textual similarity;Computational modeling;Computer bugs;Equations;Indexing;Information retrieval;Mathematical model;Vectors;bug localization;bug reports;feature location;information retrieval},
    doi={10.1109/ICSE.2012.6227210},
    ISSN={0270-5257},}

    @INPROCEEDINGS{Sisman-etal:2013,
        author={Sisman, B. and Kak, A.C.},
        booktitle={Mining Software Repositories (MSR), 2013 10th IEEE Working Conference on},
        title={Assisting code search with automatic Query Reformulation for bug localization},
        year={2013},
        month={May},
        pages={309-318},
        keywords={document handling;program debugging;query processing;software metrics;automatic QR;automatic query reformulation;bug localization performance improvement;code base;code search;highest-ranked artifact retrieval;initial query;natural language document retrieval;positional proximity;query design;similarity metric;software artifact retrieval;software engineering tasks;software projects;source code retrieval;under-the-hood operation;user search query;Animation;Context;Measurement;Search engines;Software;Software libraries;Strips;Bug Localization;Pseudo Relevance Feedback;Query Expansion;Query Reformulation;Software Maintenance},
        doi={10.1109/MSR.2013.6624044},
        ISSN={2160-1852},}

        @INPROCEEDINGS{Haiduc-etal:2011,
            author={Haiduc, S.},
            booktitle={Automated Software Engineering (ASE), 2011 26th IEEE/ACM International Conference on},
            title={Automatically detecting the quality of the query and its implications in IR-based concept location},
            year={2011},
            month={Nov},
            pages={637-640},
            keywords={query processing;software maintenance;information retrieval-based concept location;lexical information;program comprehension activities;query quality;software maintenance;source code;Conferences;Correlation;Estimation;Measurement;Prediction algorithms;Search engines;concept location;information retrieval;program comprehension;query;search;source code},
            doi={10.1109/ASE.2011.6100144},
            ISSN={1938-4300},}


            @inproceedings{Maskeri-etal:2008,
                author = {Maskeri, Girish and Sarkar, Santonu and Heafield, Kenneth},
                title = {Mining Business Topics in Source Code Using Latent Dirichlet Allocation},
                booktitle = {Proceedings of the 1st India Software Engineering Conference},
                series = {ISEC '08},
                year = {2008},
                isbn = {978-1-59593-917-3},
                location = {Hyderabad, India},
                pages = {113--120},
                numpages = {8},
                url = {http://doi.acm.org/10.1145/1342211.1342234},
                doi = {10.1145/1342211.1342234},
                acmid = {1342234},
                publisher = {ACM},
                address = {New York, NY, USA},
                keywords = {LDA, maintenance, program comprehension},
            }


@INPROCEEDINGS{Tian-etal:2009,
    author={Kai Tian and Revelle, M. and Poshyvanyk, D.},
    booktitle={Mining Software Repositories, 2009. MSR '09. 6th IEEE International Working Conference on},
    title={Using Latent Dirichlet Allocation for automatic categorization of software},
    year={2009},
    month={May},
    pages={163-166},
    keywords={C language;information retrieval;public domain software;software architecture;software libraries;C language;LACT technique;MUDABlue;automatic categorization software system;information retrieval method;latent Dirichlet allocation;open-source repository;probabilistic topic model;programming language;software architecture;software library;source code document;Computer architecture;Computer languages;Information analysis;Information retrieval;Java;Manuals;Open source software;Performance evaluation;Software libraries;Software systems},
    doi={10.1109/MSR.2009.5069496},}

    @INPROCEEDINGS{Gethers-etal:2011,
        author={Gethers, M. and Savage, T. and Di Penta, M. and Oliveto, R. and Poshyvanyk, D. and De Lucia, A.},
        booktitle={Software Engineering (ICSE), 2011 33rd International Conference on},
        title={CodeTopics: which topic am I coding now?},
        year={2011},
        month={May},
        pages={1034-1036},
        keywords={reverse engineering;software quality;software tools;CodeTopics;Eclipse plug-in;high-level artifacts;source code artifacts comprehension;source code identifier quality;Educational institutions;Games;Information retrieval;Java;Monopoly;Object oriented modeling;Software;program comprehension;source code lexicon;traceability},
        doi={10.1145/1985793.1985988},
        ISSN={0270-5257},}

        @inproceedings{Bernardi-etal:2011,
            author = {Bernardi, Mario Luca and Sementa, Carmine and Zagarese, Quirino and Distante, Damiano and Di Penta, Massimiliano},
            title = {What Topics Do Firefox and Chrome Contributors Discuss?},
            booktitle = {Proceedings of the 8th Working Conference on Mining Software Repositories},
            series = {MSR '11},
            year = {2011},
            isbn = {978-1-4503-0574-7},
            location = {Waikiki, Honolulu, HI, USA},
            pages = {234--237},
            numpages = {4},
            url = {http://doi.acm.org/10.1145/1985441.1985480},
            doi = {10.1145/1985441.1985480},
            acmid = {1985480},
            publisher = {ACM},
            address = {New York, NY, USA},
            keywords = {bug reports, co-evolution, text mining, topic mining},
        }

@inproceedings{Andrzejewski-etal:2007,
    author = {Andrzejewski, David and Mulhern, Anne and Liblit, Ben and Zhu, Xiaojin},
    title = {Statistical Debugging Using Latent Topic Models},
    booktitle = {Proceedings of the 18th European Conference on Machine Learning},
    series = {ECML '07},
    year = {2007},
    isbn = {978-3-540-74957-8},
    location = {Warsaw, Poland},
    pages = {6--17},
    numpages = {12},
    url = {http://dx.doi.org/10.1007/978-3-540-74958-5_5},
    doi = {10.1007/978-3-540-74958-5_5},
    acmid = {1421672},
    publisher = {Springer-Verlag},
    address = {Berlin, Heidelberg},
}

@inproceedings{Zimmermann-etal:2007,
    author = {Zimmermann, Thomas and Premraj, Rahul and Zeller, Andreas},
    title = {Predicting Defects for Eclipse},
    booktitle = {Proceedings of the Third International Workshop on Predictor Models in Software Engineering},
    series = {PROMISE '07},
    year = {2007},
    isbn = {0-7695-2954-2},
    pages = {9--},
    url = {http://dx.doi.org/10.1109/PROMISE.2007.10},
    doi = {10.1109/PROMISE.2007.10},
    acmid = {1269057},
    publisher = {IEEE Computer Society},
    address = {Washington, DC, USA},
}

@inproceedings{Canfora-etal:2006,
    author = {Canfora, Gerardo and Cerulo, Luigi},
    title = {Fine Grained Indexing of Software Repositories to Support Impact Analysis},
    booktitle = {Proceedings of the 2006 International Workshop on Mining Software Repositories},
    series = {MSR '06},
    year = {2006},
    isbn = {1-59593-397-2},
    location = {Shanghai, China},
    pages = {105--111},
    numpages = {7},
    url = {http://doi.acm.org/10.1145/1137983.1138009},
    doi = {10.1145/1137983.1138009},
    acmid = {1138009},
    publisher = {ACM},
    address = {New York, NY, USA},
    keywords = {impact analysis, mining software repositories},
}


@inproceedings{Wang-etal:2008,
    author = {wang, xiaoyin and zhang, lu and xie, tao and anvik, john and sun, jiasu},
    title = {an approach to detecting duplicate bug reports using natural language and execution information},
    booktitle = {proceedings of the 30th international conference on software engineering},
    series = {icse '08},
    year = {2008},
    isbn = {978-1-60558-079-1},
    location = {leipzig, germany},
    pages = {461--470},
    numpages = {10},
    url = {http://doi.acm.org/10.1145/1368088.1368151},
    doi = {10.1145/1368088.1368151},
    acmid = {1368151},
    publisher = {acm},
    address = {new york, ny, usa},
    keywords = {duplicate bug report, execution information, information retrieval},
}


@inproceedings{Dallmeier-etal:2007,
    author = {Dallmeier, Valentin and Zimmermann, Thomas},
    title = {Extraction of Bug Localization Benchmarks from History},
    booktitle = {Proceedings of the Twenty-second IEEE/ACM International Conference on Automated Software Engineering},
    series = {ASE '07},
    year = {2007},
    isbn = {978-1-59593-882-4},
    location = {Atlanta, Georgia, USA},
    pages = {433--436},
    numpages = {4},
    url = {http://doi.acm.org/10.1145/1321631.1321702},
    doi = {10.1145/1321631.1321702},
    acmid = {1321702},
    publisher = {ACM},
    address = {New York, NY, USA},
    keywords = {benchmarking, defect localization},
}

@techreport{moreBugs,
    title = {{moreBugs: A {N}ew {D}ataset for
        {B}enchmarking {A}lgorithms for
        {I}nformation {R}etrieval from
        {S}oftware {R}epositories} (TR-ECE-13-07)},
    author = {Shivani Rao and Avinash Kak},
    year = {2013},
    institution = {Purdue University,
        School of Electrical and
            Computer Engineering},
    month = {04},
    Date-Added = {2013-04-23},
}


@inproceedings{Marcus-etal:2004,
    author       = {A. Marcus and A. Sergeyev and V. Rajlich and J.I. Maletic},
    title        = {An Information Retrieval Approach to Concept Location in Source Code},
    booktitle    = {Proc.\ 11th Working Conf.\ on Reverse Engineering},
    year         = 2004,
    pages        = {214--223},
}
@inproceedings{Marcus-Menzies:2010,
    author       = {A. Marcus and T. Menzies},
    title        = {Software is data too},
    booktitle    = {Proc.\ of the FSE/SDP Wksp.\ on Future of Software Engineering Research},
    year         = 2010,
    pages        = {229--232},
}

@article{Deerwester-etal:1990,
    title={Indexing by latent semantic analysis},
    author={Deerwester, Scott C. and Dumais, Susan T. and Landauer, Thomas K. and Furnas, George W. and Harshman, Richard A.},
    journal={J.\ Am.\ Soc.\ Inf.\ Sci.},
    volume=41,
    number=6,
    pages={391--407},
    year={1990},
    doi={10.1002/(SICI)1097-4571(199009)41:6<391::AID-ASI1>3.0.CO;2-9},
}

@article{Salton:1988,
    author = {Salton, Gerard and Buckley, Christopher},
    title = {Term-weighting Approaches in Automatic Text Retrieval},
    journal = {Inf.\ Process.\ Manage.},
    volume = 24,
    number = 5,
    year = 1988,
    pages = {513--523},
    doi = {10.1016/0306-4573(88)90021-0},
}

@book{Salton:1971,
    author = {Salton, G.},
    title = {The SMART Retrieval System --- Experiments in Automatic Document Processing},
    year = {1971},
    publisher = {Prentice-Hall},
}

@inproceedings{Gensim,
      title = {{Software Framework for Topic Modelling with Large Corpora}},
      author = {Radim {\v R}eh{\r u}{\v r}ek and Petr Sojka},
      booktitle = {{Proceedings of the LREC 2010 Workshop on New
           Challenges for NLP Frameworks}},
      pages = {45--50},
      year = 2010,
      month = May,
      day = 22,
      publisher = {ELRA},
      address = {Valletta, Malta},
      language={English}
}

@inproceedings{Chuang-etal:2012,
    title={Termite: Visualization techniques for assessing textual topic models},
    author={Chuang, Jason and Manning, Christopher D and Heer, Jeffrey},
    booktitle={Proc.\ Int'l Working Conf.\ on Advanced Visual Interfaces},
    pages={74--77},
    year={2012},
}

@inproceedings{Wei-etal:2010,
    title={{TIARA}: a visual exploratory text analytic system},
    author={Wei, Furu and Liu, Shixia and Song, Yangqiu and Pan, Shimei and Zhou, Michelle X. and Qian, Weihong and Shi, Lei and Tan, Li and Zhang, Qiang},
    booktitle={Proc.\ 16th {ACM SIGKDD} Int'l Conf.\ on Knowledge Discovery and Data Mining},
    pages={153--162},
    year={2010},
}

@incollection{StopWords
    , author    = {C. Fox}
    , title     = {Lexical Analysis and Stoplists}
    , booktitle = {Information Retrieval: Data Structures and Algorithms}
    , year      = 1992
        , editor    = {W.B. Frakes and R. Baeza-Yates}
    , publisher = {Prentice-Hall}
    , isbn      = {0-13-463837-9}
}

@inproceedings{Hindle_etal:2012,
    author = {A. Hindle and C. Bird and T. Zimmerman and N. Nagappan},
    title = {Relating requirements to implementation via topic analysis: Do topics extracted from requirements make sense to managers and developers?},
    booktitle = {Proc.\ 28th IEEE Int'l Conf.\ on Software Maintenance},
    pages = {243--252},
    year = 2012,
    doi = {10.1109/ICSM.2012.6405278},
}

@inproceedings{Hall_etal:2008,
    title = {Studying the history of ideas using topic models},
    author = {D. Hall and D. Jurafsky and C.D. Manning},
    booktitle = {Proc.\ Conf.\ on Empirical Methods in Natural Language Processing},
    pages = {363--371},
    year = 2008,
}
